% This file was created with JabRef 2.9.2.
% Encoding: Cp1252


@article{bigtable,
	author = {Chang, Fay and Dean, Jeffrey and Ghemawat, Sanjay and Hsieh, Wilson C. and Wallach, Deborah A. and Burrows, Mike and Chandra, Tushar and Fikes, Andrew and Gruber, Robert E.},
	title = {Bigtable: A Distributed Storage System for Structured Data},
	journal = {ACM Trans. Comput. Syst.},
	issue_date = {June 2008},
	volume = {26},
	number = {2},
	month = jun,
	year = {2008},
	issn = {0734-2071},
	pages = {4:1--4:26},
	articleno = {4},
	numpages = {26},
	url = {http://doi.acm.org/10.1145/1365815.1365816},
	doi = {10.1145/1365815.1365816},
	acmid = {1365816},
	publisher = {ACM},
	address = {New York, NY, USA},
	keywords = {Large-Scale Distributed Storage},
} 

@article{dynamo,
	author = {DeCandia, Giuseppe and Hastorun, Deniz and Jampani, Madan and Kakulapati, Gunavardhan and Lakshman, Avinash and Pilchin, Alex and Sivasubramanian, Swaminathan and Vosshall, Peter and Vogels, Werner},
	title = {Dynamo: Amazon's Highly Available Key-value Store},
	journal = {SIGOPS Oper. Syst. Rev.},
	issue_date = {December 2007},
	volume = {41},
	number = {6},
	month = oct,
	year = {2007},
	issn = {0163-5980},
	pages = {205--220},
	numpages = {16},
	url = {http://doi.acm.org/10.1145/1323293.1294281},
	doi = {10.1145/1323293.1294281},
	acmid = {1294281},
	publisher = {ACM},
	address = {New York, NY, USA},
	keywords = {performance, reliability, scalability},
}

@article{cassandra,
	author = {Lakshman, Avinash and Malik, Prashant},
	title = {Cassandra: A Decentralized Structured Storage System},
	journal = {SIGOPS Oper. Syst. Rev.},
	issue_date = {April 2010},
	volume = {44},
	number = {2},
	month = apr,
	year = {2010},
	issn = {0163-5980},
	pages = {35--40},
	numpages = {6},
	url = {http://doi.acm.org/10.1145/1773912.1773922},
	doi = {10.1145/1773912.1773922},
	acmid = {1773922},
	publisher = {ACM},
	address = {New York, NY, USA},
} 


